@incollection{aczelind,
title = {An Introduction to Inductive Definitions},
editor = {Jon Barwise},
series = {Studies in Logic and the Foundations of Mathematics},
publisher = {Elsevier},
volume = {90},
pages = {739-782},
year = {1977},
booktitle = {HANDBOOK OF MATHEMATICAL LOGIC},
author = {Peter Aczel}
}
