@book{loudon2000quantum,
  title={The Quantum Theory of Light},
  author={R. Loudon},
  year={2000},
  publisher={Oxford University Press}
}
@book{gardiner2004quantum,
  title={Quantum Noise: A Handbook of Markovian and Non-Markovian Quantum Stochastic Methods with Applications to Quantum Optics},
  author={Gardiner, C. and Zoller, P.},
  series={Springer Series in Synergetics},
  year={2004},
  publisher={Springer}
}
@article{Johansson_2012,
	doi = {10.1016/j.cpc.2012.02.021},
	year = 2012,
	month = {aug},
	publisher = {Elsevier {BV}},
	volume = {183},
	number = {8},
	pages = {1760--1772},
	author = {J.R. Johansson and P.D. Nation and Franco Nori},
	title = {{QuTiP}: An open-source Python framework for the dynamics of open quantum systems},
	journal = {Computer Physics Communications}
}