@article{DBLP:journals/pacmpl/DaraisLNH17,
  author    = {David Darais and
               Nicholas Labich and
               Phuc C. Nguyen and
               David Van Horn},
  title     = {Abstracting definitional interpreters (functional pearl)},
  journal   = {{PACMPL}},
  volume    = {1},
  number    = {{ICFP}},
  pages     = {12:1--12:25},
  year      = {2017},
  url       = {http://doi.acm.org/10.1145/3110256},
  doi       = {10.1145/3110256},
  timestamp = {Tue, 12 Sep 2017 16:16:51 +0200},
  biburl    = {https://dblp.org/rec/bib/journals/pacmpl/DaraisLNH17},
  bibsource = {dblp computer science bibliography, https://dblp.org}
}

@article{HudakYoung,
author = {Hudak, Paul and Young, Jonathan},
title = {Collecting Interpretations of Expressions},
year = {1991},
issue_date = {April 1991},
publisher = {Association for Computing Machinery},
address = {New York, NY, USA},
volume = {13},
number = {2},
issn = {0164-0925},
url = {https://doi.org/10.1145/103135.103139},
doi = {10.1145/103135.103139},
journal = {ACM Trans. Program. Lang. Syst.},
month = {Apr.},
pages = {269â€“290},
numpages = {22},
keywords = {theory}
}
